@article{kajalinshaderx7,
  title={ShaderX7. Charles River Media, March 2009, ch},
  author={KAJALIN, V},
  journal={Screen Space Ambient Occlusion},
  pages={413--424}
}
@inproceedings{mittring2007finding,
  title={Finding next gen: Cryengine 2},
  author={Mittring, Martin},
  booktitle={ACM SIGGRAPH 2007 courses},
  pages={97--121},
  year={2007},
  organization={ACM}
}
@article{ferkoreal,
  title={Real-time Lighting Effects using Deferred Shading},
  author={Ferko, Michal}
}
@inproceedings{williams1978casting,
  title={Casting curved shadows on curved surfaces},
  author={Williams, Lance},
  booktitle={ACM Siggraph Computer Graphics},
  volume={12},
  number={3},
  pages={270--274},
  year={1978},
  organization={ACM}
}
@article{dimitrov2007cascaded,
  title={Cascaded shadow maps},
  author={Dimitrov, Rouslan},
  journal={Developer Documentation, NVIDIA Corp},
  year={2007}
}
@inproceedings{fernando2005percentage,
  title={Percentage-closer soft shadows},
  author={Fernando, Randima},
  booktitle={ACM SIGGRAPH 2005 Sketches},
  pages={35},
  year={2005},
  organization={ACM}
}
